<?xml version="1.0" encoding="UTF-8"?><collection xmlns="http://www.loc.gov/MARC21/slim"><record><leader>00352nam--2200133-i-4500</leader><controlfield tag="001">000047500</controlfield><controlfield tag="002">20161230</controlfield><controlfield tag="005">20161230201046</controlfield><controlfield tag="008">060222s1000------------r-----000-0-eng-d</controlfield><datafield ind1=" " ind2=" " tag="100"><subfield code="a">Wilks, J</subfield></datafield><datafield ind1=" " ind2=" " tag="245"><subfield code="a">Low temperature conference</subfield></datafield><datafield ind1=" " ind2=" " tag="260"><subfield code="a">/New York, American Institute Of Physics, 1958/, 13p</subfield></datafield><datafield ind1=" " ind2=" " tag="490"><subfield code="a">Reprinted From Physics Today</subfield></datafield><datafield ind1=" " ind2=" " tag="852"><subfield code="a">6293</subfield></datafield></record></collection>